% This file was created with JabRef 2.7.
% Encoding: Cp1252

@INPROCEEDINGS{brajnik:06,
  author = {Giorgio Brajnik},
  title = {Web Accessibility Testing: When the Method Is the Culprit},
  booktitle = {ICCHP},
  year = {2006},
  pages = {156-163},
  bibsource = {DBLP, http://dblp.uni-trier.de},
  crossref = {DBLP:conf/icchp/2006},
  ee = {http://dx.doi.org/10.1007/11788713_24}
}

@INPROCEEDINGS{Akhter:2009:CFE:1632189.1632275,
  author = {Akhter, Fahim and Buzzi, Maria Claudia and Buzzi, Marina and Leporini,
	Barbara},
  title = {Conceptual Framework: How to Engineer Online Trust for Disabled Users},
  booktitle = {Proceedings of the 2009 IEEE/WIC/ACM International Joint Conference
	on Web Intelligence and Intelligent Agent Technology - Volume 03},
  year = {2009},
  series = {WI-IAT '09},
  pages = {614--617},
  address = {Washington, DC, USA},
  publisher = {IEEE Computer Society},
  acmid = {1632275},
  doi = {http://dx.doi.org/10.1109/WI-IAT.2009.361},
  isbn = {978-0-7695-3801-3},
  keywords = {trust, e-commerce, accessibility, usability, disabilities, blind},
  numpages = {4},
  url = {http://dx.doi.org/10.1109/WI-IAT.2009.361}
}

@INCOLLECTION{springerlink:10.1007/978-3-642-02713-0_67,
  author = {Baguma, Rehema and Stone, Roger and Lubega, Jude and van der Weide,
	Th.},
  title = {Integrating Accessibility and Functional Requirements},
  booktitle = {Universal Access in Human-Computer Interaction. Applications and
	Services},
  publisher = {Springer Berlin / Heidelberg},
  year = {2009},
  editor = {Stephanidis, Constantine},
  volume = {5616},
  series = {Lecture Notes in Computer Science},
  pages = {635-644},
  affiliation = {Makerere University Faculty of Computing & IT P. O. Box 7062 Kampala},
  isbn = {978-3-642-02712-3},
  keyword = {Computer Science},
  url = {http://dx.doi.org/10.1007/978-3-642-02713-0_67}
}

@INPROCEEDINGS{Bigham:2010:ADE:1878803.1878812,
  author = {Bigham, Jeffrey P. and Brudvik, Jeremy T. and Zhang, Bernie},
  title = {Accessibility by demonstration: enabling end users to guide developers
	to web accessibility solutions},
  booktitle = {Proceedings of the 12th international ACM SIGACCESS conference on
	Computers and accessibility},
  year = {2010},
  series = {ASSETS '10},
  pages = {35--42},
  address = {New York, NY, USA},
  publisher = {ACM},
  acmid = {1878812},
  doi = {http://doi.acm.org/10.1145/1878803.1878812},
  isbn = {978-1-60558-881-0},
  keywords = {blind users, evaluation, web accessibility, web usability},
  location = {Orlando, Florida, USA},
  numpages = {8},
  url = {http://doi.acm.org/10.1145/1878803.1878812}
}

@MASTERSTHESIS{bittar:06,
  author = {Thiago Jabur Bittar},
  title = {Abordagem para diagnóstico de problemas em aplicações de e-gov -
	um retrato dos municípios brasileiros},
  school = {Universidade Federal de S�o Carlos},
  year = {2006}
}

@MISC{bonfim:08,
  author = {Vivian Villarinho Bonfim},
  title = {Avalia��o de acessibilidade de Web sites baseada em m�tricas},
  howpublished = {Monografia (Gradua��o em Ci�ncia da Computa��o), Curso de Ci�ncia
	da Computa��o da UFMS},
  year = {2008}
}

@MISC{groves:11,
  author = {Karl Groves},
  title = {How expensive is web accessibility?},
  howpublished = {http://www.karlgroves.com/2011/11/30/how-expensive-is-accessibility/},
  year = {2011}
}

@MISC{groves:12,
  author = {Karl Groves},
  title = {Web Accessibility Testing: Do Automatic Testing First},
  howpublished = {http://www.karlgroves.com/2012/02/02/web-accessibility-testing-do-automatic-testing-first/},
  year = {2012}
}

@MISC{sherman:01,
  author = {Paul Sherman},
  title = {Cost-Justifying Accessibility. Austin: Austin Usability},
  howpublished = {http://www.gslis.utexas.edu/~I385t21/AU\_WP\_Cost\_Justifying\_Accessibility.pdf},
  year = {2001}
}

@MISC{branco:09,
  author = {Branco, Rodrigo Gon�alves de},
  title = {Ferramenta para avalia��o de acessibilidade de \textit{Web sites}
baseada em m�tricas: uma abordagem baseada no Modelo de
Acessibilidade para Governo Eletr�nico do Brasil (\textit{e-Mag})},
  howpublished = {Monografia (Gradua��o em Ci�ncia da Computa��o), Curso de Ci�ncia
	da Computa��o da UFMS},
  year = {2009}
}

@INPROCEEDINGS{branco:11,
	author = {Branco, Rodrigo Gon�alves de and Freire, Andr� Pimenta and Paiva, D�bora Maria Barroso},
	title = {Avalia��o de Acessibilidade dos Sites de Munic�pios Brasileiros},
	series = {XXXI Congresso da Sociedade Brasileira de Computa��o (SBC)},
	booktitle = {XXXVIII Semin�rio Integrado de Software e Hardware (SEMISH '11)},
	pages = {1265--1278},
	address = {Natal, RN, Brasil},
	year = {2011},
	month = {july},
}

@INPROCEEDINGS{Brajnik:2009:VRW:1639642.1639666,
  author = {Brajnik, Giorgio},
  title = {Validity and reliability of web accessibility guidelines},
  booktitle = {Proceedings of the 11th international ACM SIGACCESS conference on
	Computers and accessibility},
  year = {2009},
  series = {Assets '09},
  pages = {131--138},
  address = {New York, NY, USA},
  publisher = {ACM},
  acmid = {1639666},
  doi = {http://doi.acm.org/10.1145/1639642.1639666},
  isbn = {978-1-60558-558-1},
  keywords = {accessibility evaluation evaluation, web accessibility guidelines},
  location = {Pittsburgh, Pennsylvania, USA},
  numpages = {8},
  url = {http://doi.acm.org/10.1145/1639642.1639666}
}

@INPROCEEDINGS{Buzzi:2008:MWE:1463160.1463210,
  author = {Buzzi, M. Claudia and Buzzi, Marina and Leporini, Barbara and Senette,
	Caterina},
  title = {Making Wikipedia editing easier for the blind},
  booktitle = {Proceedings of the 5th Nordic conference on Human-computer interaction:
	building bridges},
  year = {2008},
  series = {NordiCHI '08},
  pages = {423--426},
  address = {New York, NY, USA},
  publisher = {ACM},
  acmid = {1463210},
  doi = {http://doi.acm.org/10.1145/1463160.1463210},
  isbn = {978-1-59593-704-9},
  keywords = {Wikipedia, accessibility, blind, usability},
  location = {Lund, Sweden},
  numpages = {4},
  url = {http://doi.acm.org/10.1145/1463160.1463210}
}

@INPROCEEDINGS{buhler:06,
  author = {Christian B{\"u}hler and Helmut Heck and Olaf Perlick and Annika
	Nietzio and Nils Ulltveit-Moe},
  title = {Interpreting Results from Large Scale Automatic Evaluation of Web
	Accessibility},
  booktitle = {ICCHP},
  year = {2006},
  pages = {184-191},
  bibsource = {DBLP, http://dblp.uni-trier.de},
  ee = {http://dx.doi.org/10.1007/11788713_28}
}

@MISC{irpf:11,
  author = {Gy Camargo},
  title = {IRPF -- Mudan�as nas regras para 2011 -- Imposto de Renda},
  howpublished = {http://www.impostoderenda.org/2011/02/16/irpf-mudancas-nas-regras-para-2011-imposto-de-renda/},
  month = {February},
  year = {2011}
}

@BOOK{cook:95,
  title = {Assistive Technologies: Principles and Practice},
  publisher = {Mosby Year Book},
  year = {1995},
  author = {Albert M. Cook and Susan M. Hussey},
  pages = {712},
  isbn = {0-80161038-9},
  mrnumber = {B.Cook.95}
}

@BOOK{dias:02,
  title = {Usabilidade na Web: criando portais mais acess�veis},
  publisher = {Alta Books},
  year = {2002},
  author = {A. C. Dias},
  edition = {2�}
}

@INPROCEEDINGS{analuizadias:2010,
  author = {Ana Luiza Dias and Renata Pontin de Mattos Fortes and Paulo César
	Masiero and Rudinei Goularte},
  title = {Uma Revisão Sistemática sobre a inserção de Acessibilidade nas fases
	de desenvolvimento da Engenharia de de Software em sistemas Web},
  booktitle = {Proceedings of the IX Symposium on Human Factors in Computing Systems},
  year = {2010},
  series = {IHC '10},
  pages = {39--48},
  address = {Porto Alegre, Brazil, Brazil},
  publisher = {Brazilian Computer Society},
  keywords = {web social, IHC'10, software social},
  location = {Belo Horizonte, Minas Gerais, Brazil},
  numpages = {10}
}

@INPROCEEDINGS{4437943,
  author = {Encelle, B. and Baptiste-Jessel, N.},
  title = {Generating Adaptable User Interfaces for Browsing XML Documents User
	Interfaces Adaptation Using User Profiles of Applications Policies},
  booktitle = {Autonomic and Autonomous Systems, 2007. ICAS07. Third International
	Conference on},
  year = {2007},
  pages = {66},
  month = {june},
  doi = {10.1109/CONIELECOMP.2007.77},
  keywords = {XML document browsing;content accessibility;description language;personalized
	multimodal user interface;semantic Web;user profile;XML;handicapped
	aids;information retrieval;semantic Web;specification languages;user
	interfaces;}
}

@INPROCEEDINGS{Encelle:2007:PUI:1243441.1243459,
  author = {Encelle, Beno\^{\i}t and Baptiste-Jessel, Nadine},
  title = {Personalization of user interfaces for browsing XML content using
	transformations built on end-user requirements},
  booktitle = {Proceedings of the 2007 international cross-disciplinary conference
	on Web accessibility (W4A)},
  year = {2007},
  series = {W4A '07},
  pages = {58--64},
  address = {New York, NY, USA},
  publisher = {ACM},
  acmid = {1243459},
  doi = {http://doi.acm.org/10.1145/1243441.1243459},
  isbn = {1-59593-590-8},
  keywords = {adaptable user interfaces, model-based user interfaces, transformational
	approaches, user-interfaces for the elderly or disabled},
  location = {Banff, Canada},
  numpages = {7},
  url = {http://doi.acm.org/10.1145/1243441.1243459}
}

@BOOK{fenton:98,
  title = {Software Metrics: A Rigorous and Practical Approach},
  publisher = {PWS Publishing Co.},
  year = {1998},
  author = {E. Norman Fenton and L. Shari Pfleeger},
  address = {Boston, MA, USA},
  citeulike-article-id = {888736},
  citeulike-linkout-0 = {http://portal.acm.org/citation.cfm?id=580949},
  isbn = {0534954251},
  keywords = {metrics},
  posted-at = {2006-10-07 23:59:45},
  priority = {2},
  url = {http://portal.acm.org/citation.cfm?id=580949}
}

@INPROCEEDINGS{Ferres:2007:IAS:1296843.1296857,
  author = {Ferres, Leo and Verkhogliad, Petro and Lindgaard, Gitte and Boucher,
	Louis and Chretien, Antoine and Lachance, Martin},
  title = {Improving accessibility to statistical graphs: the iGraph-Lite system},
  booktitle = {Proceedings of the 9th international ACM SIGACCESS conference on
	Computers and accessibility},
  year = {2007},
  series = {Assets '07},
  pages = {67--74},
  address = {New York, NY, USA},
  publisher = {ACM},
  acmid = {1296857},
  doi = {http://doi.acm.org/10.1145/1296843.1296857},
  isbn = {978-1-59593-573-1},
  keywords = {accessibility (blind and visually impaired), natural language interaction,
	statistical graphs},
  location = {Tempe, Arizona, USA},
  numpages = {8},
  url = {http://doi.acm.org/10.1145/1296843.1296857}
}

@INPROCEEDINGS{Ferretti:2008:EYW:1368044.1368070,
  author = {Ferretti, Stefano and Mirri, Silvia and Muratori, Ludovico Antonio
	and Roccetti, Marco and Salomoni, Paola},
  title = {E-learning 2.0: you are We-LCoME!},
  booktitle = {Proceedings of the 2008 international cross-disciplinary conference
	on Web accessibility (W4A)},
  year = {2008},
  series = {W4A '08},
  pages = {116--125},
  address = {New York, NY, USA},
  publisher = {ACM},
  acmid = {1368070},
  doi = {http://doi.acm.org/10.1145/1368044.1368070},
  isbn = {978-1-60558-153-8},
  keywords = {E-learning 2.0, accessibility, multimedia editing, web 2.0},
  location = {Beijing, China},
  numpages = {10},
  url = {http://doi.acm.org/10.1145/1368044.1368070}
}

@ARTICLE{fortes:05,
  author = {R. P. M. Fortes and L. T. E. Pansanato and S. M. A. Lara and A. Freire},
  title = {Universaliza��o do Acesso a Conte�do Educacional em Aplica��es Web},
  journal = {XVI Simp�sio Brasileiro de Inform�tica na Educa��o},
  year = {2005},
  volume = {1},
  pages = {21-42}
}

@INPROCEEDINGS{freire2:08,
  author = {Andr� Pimenta Freire and Renata P. M. Fortes and Marcelo Augusto
	Santos Turine and D�bora Maria Barroso Paiva},
  title = {An evaluation of web accessibility metrics based on their attributes},
  booktitle = {SIGDOC '08: Proceedings of the 26th annual ACM international conference
	on Design of communication},
  year = {2008},
  pages = {73--80},
  address = {New York, NY, USA},
  publisher = {ACM},
  doi = {http://doi.acm.org/10.1145/1456536.1456551},
  isbn = {978-1-60558-083-8},
  location = {Lisbon, Portugal}
}

@MISC{freire:09,
  author = {Andr� Pimenta {Freire}},
  title = {Trabalho Hera [mensagem pessoal]},
  howpublished = {Mensagem recebida de: $<$apfreire@gmail.com$>$ em 12 de agosto},
  month = {August},
  year = {2009}
}

@MASTERSTHESIS{freire:08,
  author = {André Pimenta {Freire}},
  title = {Acessibilidade no Desenvolvimento de Aplicações Web: um estudo sobre
	o cenário brasileiro},
  school = {Universidade de São Paulo},
  year = {2008}
}

@MASTERSTHESIS{alves:11,
  author = {Daniel Domingos {Alves}},
  title = {Acessibilidade no Desenvolvimento de Software Livre},
  school = {Universidade Federal de Mato Grosso do Sul},
  year = {2011}
}

@MASTERSTHESIS{maia:10,
  author = {Lucinéia Souza Maia},
  title = {Um processo para o desenvolvimento de aplicações Web Acessíveis},
  school = {Universidade Federal de Mato Grosso do Sul},
  year = {2010}
}

@INPROCEEDINGS{Fuertes:2011:DHW:1969289.1969294,
  author = {Fuertes, Jos{\'e} L. and Guti{\'e}rrez, Emmanuelle and Mart\'{\i}nez,
	Lo\"{\i}c},
  title = {Developing Hera-FFX for WCAG 2.0},
  booktitle = {Proceedings of the International Cross-Disciplinary Conference on
	Web Accessibility},
  year = {2011},
  series = {W4A '11},
  pages = {3:1--3:9},
  address = {New York, NY, USA},
  publisher = {ACM},
  acmid = {1969294},
  articleno = {3},
  doi = {http://doi.acm.org/10.1145/1969289.1969294},
  isbn = {978-1-4503-0476-4},
  keywords = {accessibility evaluation, evaluation tools, web accessibility},
  location = {Hyderabad, Andhra Pradesh, India},
  numpages = {9},
  url = {http://doi.acm.org/10.1145/1969289.1969294}
}

@INPROCEEDINGS{5564560,
  author = {Giakoumis, D. and Votis, K. and Tzovaras, D. and Likothanassis, S.
	and Hassapis, G.},
  title = {Introducing accessibility in the Web services domain},
  booktitle = {Computer Science and Information Technology (ICCSIT), 2010 3rd IEEE
	International Conference on},
  year = {2010},
  volume = {2},
  pages = {18 -22},
  month = {july},
  doi = {10.1109/ICCSIT.2010.5564560},
  keywords = {Web service domain accessibility assessment tool;human computer interaction;user
	centered design;user interface;Web services;human computer interaction;user
	centred design;user interfaces;}
}

@INPROCEEDINGS{gonzalez:03,
  author = {Julia Gonz�lez and Mercedes Mac�as and Roberto Rodriguez and Fernando
	S�nchez},
  title = {Accessibility Metrics of Web Pages for Blind End-Users},
  booktitle = {ICWE},
  year = {2003},
  pages = {374-383},
  bibsource = {DBLP, http://dblp.uni-trier.de},
  ee = {http://springerlink.metapress.com/openurl.asp?genre=article{\&}issn=0302-9743{\&}volume=2722{\&}spage=374}
}

@ARTICLE{Grammenos:2009:DUA:1486508.1486516,
  author = {Grammenos, Dimitris and Savidis, Anthony and Stephanidis, Constantine},
  title = {Designing universally accessible games},
  journal = {Comput. Entertain.},
  year = {2009},
  volume = {7},
  pages = {8:1--8:29},
  month = {February},
  acmid = {1486516},
  address = {New York, NY, USA},
  articleno = {8},
  doi = {http://doi.acm.org/10.1145/1486508.1486516},
  issn = {1544-3574},
  issue = {1},
  issue_date = {February 2009},
  keywords = {Design for all, accessible games, unified design, universal access},
  numpages = {29},
  publisher = {ACM},
  url = {http://doi.acm.org/10.1145/1486508.1486516}
}

@ARTICLE{Gregg:2009:DCI:1628313.1628347,
  author = {Gregg, Dawn},
  title = {Developing a collective intelligence application for special education},
  journal = {Decis. Support Syst.},
  year = {2009},
  volume = {47},
  pages = {455--465},
  month = {November},
  acmid = {1628347},
  address = {Amsterdam, The Netherlands, The Netherlands},
  doi = {10.1016/j.dss.2009.04.012},
  issn = {0167-9236},
  issue = {4},
  keywords = {Collaboration, Collective intelligence, Computer supported cooperative
	care, Data-based decision making, Distributed asynchronous groups,
	Special education},
  numpages = {11},
  publisher = {Elsevier Science Publishers B. V.},
  url = {http://dl.acm.org/citation.cfm?id=1628313.1628347}
}

@INPROCEEDINGS{Halbach:2010:TCA:1747589.1747607,
  author = {Halbach, Till},
  title = {Towards Cognitively Accessible Web Pages},
  booktitle = {Proceedings of the 2010 Third International Conference on Advances
	in Computer-Human Interactions},
  year = {2010},
  series = {ACHI '10},
  pages = {19--24},
  address = {Washington, DC, USA},
  publisher = {IEEE Computer Society},
  acmid = {1747607},
  doi = {http://dx.doi.org/10.1109/ACHI.2010.34},
  isbn = {978-0-7695-3957-7},
  keywords = {Cognitive disabilities, intellectual deficits, impairement, deficiencies,
	accessibility, e-inclusion, universal design, web pages},
  numpages = {6},
  url = {http://dx.doi.org/10.1109/ACHI.2010.34}
}

@BOOK{ivory:03,
  title = {Automated Web Site Evaluation: Researchers' and Practitioners' Perspectives},
  publisher = {Kluwer Academic Publishers},
  year = {2003},
  author = {M. Y. Ivory},
  isbn = {1-4020-1672-7}
}

@ARTICLE{lazar:04,
  author = {Lazar, Jonathan and Dudley-Sponaugle, Alfreda and Greenidge, Kisha-Dawn},
  title = {{Improving web accessibility: a study of webmaster perceptions}},
  journal = {Computers in Human Behavior},
  year = {2004},
  volume = {20},
  pages = {269--288},
  number = {2},
  month = mar,
  booktitle = {The Compass of Human-Computer Interaction},
  citeulike-article-id = {2431466},
  citeulike-linkout-0 = {http://dx.doi.org/10.1016/j.chb.2003.10.018},
  citeulike-linkout-1 = {http://www.sciencedirect.com/science/article/B6VDC-4BRKMR8-B/2/08cd39063d4902227cf6033cf824aca4},
  doi = {10.1016/j.chb.2003.10.018},
  keywords = {2004, accessibility, web},
  posted-at = {2008-05-13 07:40:21},
  priority = {2},
  url = {http://dx.doi.org/10.1016/j.chb.2003.10.018}
}


@INPROCEEDINGS{macias:02,
  author = {Mercedes Mac\'{\i}as and Julia Gonz\'{a}lez and Fernando S\'{a}nchez},
  title = {On Adaptability of Web Sites for Visually Handicapped People},
  booktitle = {AH '02: Proceedings of the Second International Conference on Adaptive
	Hypermedia and Adaptive Web-Based Systems},
  year = {2002},
  pages = {264--273},
  address = {London, UK},
  publisher = {Springer-Verlag},
  isbn = {3-540-43737-1}
}

@INPROCEEDINGS{MartinGarcia:2009:PAE:1535654.1535665,
  author = {Mart\'{\i}n Garc\'{\i}a, Yod Samuel and Miguel Gonz\'{a}lez, Beatriz
	San and Yelmo Garc\'{\i}a, Juan Carlos},
  title = {Prosumers and accessibility: how to ensure a productive interaction},
  booktitle = {Proceedings of the 2009 International Cross-Disciplinary Conference
	on Web Accessibililty (W4A)},
  year = {2009},
  series = {W4A '09},
  pages = {50--53},
  address = {New York, NY, USA},
  publisher = {ACM},
  acmid = {1535665},
  doi = {http://doi.acm.org/10.1145/1535654.1535665},
  isbn = {978-1-60558-561-1},
  keywords = {ATAG, accessibility assurance, community-supported accessibility,
	prosumers, user-generated content},
  location = {Madrid, Spain},
  numpages = {4},
  url = {http://doi.acm.org/10.1145/1535654.1535665}
}

@INPROCEEDINGS{martinez:09,
  author = {Ana Bel�n Mart�nez and Aquilino A. Juan and Dar�o �lvarez and Ma
	Carmen Su�rez},
  title = {WAB*: A Quantitative Metric Based on WAB},
  booktitle = {ICWE '9: Proceedings of the 9th International Conference on Web Engineering},
  year = {2009},
  pages = {485--488},
  address = {Berlin, Heidelberg},
  publisher = {Springer-Verlag},
  doi = {http://dx.doi.org/10.1007/978-3-642-02818-2\_44},
  isbn = {978-3-642-02817-5},
  location = {San Sebasti�n, Spain}
}

@INPROCEEDINGS{4756193,
  author = {Masuwa-Morgan, K.R.},
  title = {Introducing AccessOnto: Ontology for Accessibility Requirements Specification},
  booktitle = {Ontologies in Interactive Systems, 2008. ONTORACT '08. First International
	Workshop on},
  year = {2008},
  pages = {33 -38},
  month = {sept.},
  doi = {10.1109/ONTORACT.2008.18},
  keywords = {Web accessibility initiative;World Wide Web consortium;checkpoint;disability
	legislation;ontology;requirements specification accessibility;software
	developer;specification language;user requirement document;Internet;checkpointing;document
	handling;formal specification;ontologies (artificial intelligence);specification
	languages;}
}

@BOOK{mcpherson2009tim,
  title = {{Tim Berners-Lee: Inventor of the World Wide Web}},
  publisher = {Twenty First Century Books},
  year = {2009},
  author = {Stephanie Sammartino {McPherson}},
  series = {USA Today Lifeline Biographies},
  isbn = {9780822572732},
  lccn = {2008050719},
  url = {http://books.google.com/books?id=wK0xBWfL9GkC}
}

@INPROCEEDINGS{Michail:2007:ABS:1547550.1547666,
  author = {Michail, Salampasis and Christos, Kouroupetroglou},
  title = {Adaptive Browsing Shortcuts: Personalising the User Interface of
	a Specialised Voice Web Browser for Blind People},
  booktitle = {Proceedings of the 2007 IEEE 23rd International Conference on Data
	Engineering Workshop},
  year = {2007},
  pages = {818--825},
  address = {Washington, DC, USA},
  publisher = {IEEE Computer Society},
  acmid = {1547666},
  doi = {10.1109/ICDEW.2007.4401072},
  isbn = {978-1-4244-0831-3},
  numpages = {8},
  url = {http://dl.acm.org/citation.cfm?id=1547550.1547666}
}

@INPROCEEDINGS{4196334,
  author = {Mikic, F. and Anido, L. and Valero, E. and Picos, J.},
  title = {Accessibility and Mobile Learning Standardization},
  booktitle = {Systems, 2007. ICONS '07. Second International Conference on},
  year = {2007},
  pages = {32},
  month = {april},
  doi = {10.1109/ICONS.2007.8},
  keywords = {Web user;device profile;disabled user;information access;learning
	technology standard;mobile learning standardization;computer aided
	instruction;handicapped aids;human computer interaction;information
	retrieval;mobile computing;}
}

@MISC{oliveira:11,
  author = {Bruna Oliveira},
  title = {Conheça As Vantagens De Vender Pela Internet},
  howpublished = {http://www.artigonal.com/negocios-online-artigos/conheca-as-vantagens-de-vender-pela-internet-693945.html},
  month = {March},
  year = {2011}
}

@ARTICLE{olsina:02,
  author = {Luis Olsina and Gustavo Rossi},
  title = {Measuring Web Application Quality with WebQEM},
  journal = {IEEE MultiMedia},
  year = {2002},
  volume = {9},
  pages = {20--29},
  number = {4},
  address = {Los Alamitos, CA, USA},
  doi = {http://dx.doi.org/10.1109/MMUL.2002.1041945},
  issn = {1070-986X},
  publisher = {IEEE Computer Society Press}
}

@BOOK{paciello:00,
  title = {Web Accessibility for People with Disabilities},
  publisher = {C M P Books},
  year = {2000},
  author = {Michael G. Paciello},
  isbn = {1929629087}
}

@ARTICLE{zeng:05,
  author = {B. Parmanto and X. Zeng},
  title = {Metric for Web accessibility evaluation},
  journal = {JASIST},
  year = {2005},
  volume = {56},
  pages = {1394-1404},
  number = {13},
  bibsource = {DBLP, http://dblp.uni-trier.de},
  ee = {http://dx.doi.org/10.1002/asi.20233}
}

@ARTICLE{Pauwels:2009:EPO:1618879.1619082,
  author = {Pauwels, Stefan L. and H\"{u}bscher, Christian and Leuthold, Stefan
	and Bargas-Avila, Javier A. and Opwis, Klaus},
  title = {Error prevention in online forms: Use color instead of asterisks
	to mark required-fields},
  journal = {Interact. Comput.},
  year = {2009},
  volume = {21},
  pages = {257--262},
  month = {August},
  acmid = {1619082},
  address = {New York, NY, USA},
  doi = {10.1016/j.intcom.2009.05.007},
  issn = {0953-5438},
  issue = {4},
  keywords = {Error prevention, Interaction design, Online forms, Required-fields,
	User feedback},
  numpages = {6},
  publisher = {Elsevier Science Inc.},
  url = {http://dl.acm.org/citation.cfm?id=1618879.1619082}
}

@ARTICLE{Schaik:2008:MUE:1367153.1367461,
  author = {van Schaik, Paul and Ling, Jonathan},
  title = {Modelling user experience with web sites: Usability, hedonic value,
	beauty and goodness},
  journal = {Interact. Comput.},
  year = {2008},
  volume = {20},
  pages = {419--432},
  month = {May},
  acmid = {1367461},
  address = {New York, NY, USA},
  doi = {10.1016/j.intcom.2008.03.001},
  issn = {0953-5438},
  issue = {3},
  keywords = {Aesthetics, Hedonic quality, Modelling, Usability, User experience,
	Web site},
  numpages = {14},
  publisher = {Elsevier Science Inc.},
  url = {http://dl.acm.org/citation.cfm?id=1367153.1367461}
}

@INPROCEEDINGS{t1:09,
  author = {Pornpat Sirithumgul and Atiwong Suchato and Proadpran Punyabukkana},
  title = {Quantitative evaluation for web accessibility with respect to disabled
	groups},
  booktitle = {W4A '09: Proceedings of the 2009 International Cross-Disciplinary
	Conference on Web Accessibililty (W4A)},
  year = {2009},
  pages = {136--141},
  address = {New York, NY, USA},
  publisher = {ACM},
  doi = {http://doi.acm.org/10.1145/1535654.1535687},
  isbn = {978-1-60558-561-1},
  location = {Madrid, Spain}
}

@BOOK{slatin:02,
  title = {Maximum Accessibility: Making Your Web Site More Usable for Everyone},
  publisher = {Addison-Wesley Longman Publishing Co., Inc.},
  year = {2002},
  author = {John M. Slatin and Sharron Rush},
  address = {Boston, MA, USA},
  isbn = {0201774224}
}

@INPROCEEDINGS{Stringer:2007:ETW:1286240.1286249,
  author = {Stringer, Elizabeth C. and Yesilada, Yeliz and Harper, Simon},
  title = {Experiments towards web 2.0 accessibility},
  booktitle = {Proceedings of the eighteenth conference on Hypertext and hypermedia},
  year = {2007},
  series = {HT '07},
  pages = {33--34},
  address = {New York, NY, USA},
  publisher = {ACM},
  acmid = {1286249},
  doi = {http://doi.acm.org/10.1145/1286240.1286249},
  isbn = {978-1-59593-820-6},
  keywords = {AJAX, IFrames, XForms, web 2.0, web accessibility},
  location = {Manchester, UK},
  numpages = {2},
  url = {http://doi.acm.org/10.1145/1286240.1286249}
}

@INPROCEEDINGS{sullivan:00,
  author = {Terry Sullivan and Rebecca Matson},
  title = {Barriers to use: usability and content accessibility on the Web's
	most popular sites},
  booktitle = {CUU '00: Proceedings on the 2000 conference on Universal Usability},
  year = {2000},
  pages = {139--144},
  address = {New York, NY, USA},
  publisher = {ACM},
  doi = {http://doi.acm.org/10.1145/355460.355549},
  isbn = {1-58113-314-6},
  location = {Arlington, Virginia, United States}
}

@INPROCEEDINGS{5260918,
  author = {Zhenxiang Sun and Jianian Zhang},
  title = {On Accessibility of Concept, Principle and Model of Educational Web
	Sites Design},
  booktitle = {New Trends in Information and Service Science, 2009. NISS '09. International
	Conference on},
  year = {2009},
  pages = {730 -733},
  month = {30 2009-july 2},
  doi = {10.1109/NISS.2009.48},
  keywords = {China;Web sites accessibility;concept accessibility;educational Web
	accessibility design;educational Web sites design;information society;vulnerable
	groups access information;Web design;Web sites;educational computing;}
}

@BOOK{thatcher:06,
  title = {Web Accessibility: Web Standards and Regulatory Compliance},
  publisher = {Friends of Ed},
  year = {2006},
  author = {J. Thatcher and M. R. Burks and C. Heilmann},
  isbn = {1-59059638-2},
  mrnumber = {B.Thatcher.06},
  url = {http://jimthatcher.com/}
}

@INPROCEEDINGS{5338903,
  author = {Thinyane, H. and Thinyane, M.},
  title = {ICANSEE: A SIM based application for digital inclusion of the visually
	impaired community},
  booktitle = {Innovations for Digital Inclusions, 2009. K-IDI 2009. ITU-T Kaleidoscope:},
  year = {2009},
  pages = {1 -6},
  month = {31 2009-sept. 1},
  keywords = {SIM based application;Web-based front end;digital divide;digital inclusion;information
	and communication technologies;mobile handset;mobile phones;smart
	card Web server;text-based communication tools;visually impaired
	community;Internet;electronic messaging;file servers;handicapped
	aids;mobile handsets;smart cards;}
}

@INPROCEEDINGS{Trewin:2010:ACT:1805986.1806029,
  author = {Trewin, Shari and Cragun, Brian and Swart, Cal and Brezin, Jonathan
	and Richards, John},
  title = {Accessibility challenges and tool features: an IBM Web developer
	perspective},
  booktitle = {Proceedings of the 2010 International Cross Disciplinary Conference
	on Web Accessibility (W4A)},
  year = {2010},
  series = {W4A '10},
  pages = {32:1--32:10},
  address = {New York, NY, USA},
  publisher = {ACM},
  acmid = {1806029},
  articleno = {32},
  doi = {http://doi.acm.org/10.1145/1805986.1806029},
  isbn = {978-1-4503-0045-2},
  keywords = {accessibility, assistive technology, automated evaluation, conformance
	testing, developers' perception, quality assurance, screen reader,
	survey, tools, validation, web, web accessibility},
  location = {Raleigh, North Carolina},
  numpages = {10},
  url = {http://doi.acm.org/10.1145/1805986.1806029}
}

@INPROCEEDINGS{vigo:07,
  author = {Markel Vigo and Myriam Arrue and Giorgio Brajnik and Raffaella Lomuscio
	and Julio Abascal},
  title = {Quantitative metrics for measuring web accessibility},
  booktitle = {W4A '07: Proceedings of the 2007 international cross-disciplinary
	conference on Web accessibility (W4A)},
  year = {2007},
  pages = {99--107},
  address = {New York, NY, USA},
  publisher = {ACM},
  citeulike-article-id = {5649910},
  citeulike-linkout-0 = {http://portal.acm.org/citation.cfm?id=1243441.1243465},
  citeulike-linkout-1 = {http://dx.doi.org/10.1145/1243441.1243465},
  doi = {10.1145/1243441.1243465},
  isbn = {1-59593-590-X},
  keywords = {2007, accessibility, matrix, measurement, web},
  location = {Banff, Canada},
  posted-at = {2009-08-26 11:07:17},
  priority = {0},
  url = {http://dx.doi.org/10.1145/1243441.1243465}
}

@ARTICLE{Vigo:2011:AWA:1963660.1963798,
  author = {Vigo, Markel and Brajnik, Giorgio},
  title = {Automatic web accessibility metrics: Where we are and where we can
	go},
  journal = {Interact. Comput.},
  year = {2011},
  volume = {23},
  pages = {137--155},
  month = {March},
  acmid = {1963798},
  address = {New York, NY, USA},
  doi = {http://dx.doi.org/10.1016/j.intcom.2011.01.001},
  issn = {0953-5438},
  issue = {2},
  issue_date = {March, 2011},
  keywords = {Automatic accessibility evaluation, Automatic assessment, Metrics,
	Quality framework, Web accessibility},
  numpages = {19},
  publisher = {Elsevier Science Inc.},
  url = {http://dx.doi.org/10.1016/j.intcom.2011.01.001}
}

@INPROCEEDINGS{5358165,
  author = {Votis, K. and Oikonomou, T. and Korn, P. and Tzovaras, D. and Likothanassis,
	S.},
  title = {A visual impaired simulator to achieve embedded accessibility designs},
  booktitle = {Intelligent Computing and Intelligent Systems, 2009. ICIS 2009. IEEE
	International Conference on},
  year = {2009},
  volume = {3},
  pages = {368 -372},
  month = {nov.},
  doi = {10.1109/ICICISYS.2009.5358165},
  keywords = {Java Swing application;NetBeans enabled plugin tool;accessibility
	simulation tool;user centered design;visual impaired users;Java;digital
	simulation;handicapped aids;human computer interaction;software tools;user
	centred design;}
}

@PROCEEDINGS{bach:09,
  title = {Diretrizes de Acessibilidade: Uma Abordagem Comparativa entre WCAG
	e e-Mag},
  year = {2009},
  editor = {Catharine Ferreira Bach andSimone Bacellar Leal Ferreira andDenis
	S. Silveira andRicardo Nunes},
  volume = {8},
  publisher = {SBSI},
  booktitle = {Revista Eletr�nica de Sistemas de Informa��o},
  isbn = {1677-3071}
}

@PROCEEDINGS{DBLP:conf/icchp/2006,
  title = {Computers Helping People with Special Needs, 10th International Conference,
	ICCHP 2006, Linz, Austria, July 11-13, 2006, Proceedings},
  year = {2006},
  editor = {Klaus Miesenberger and Joachim Klaus and Wolfgang L. Zagler and Arthur
	I. Karshmer},
  volume = {4061},
  series = {Lecture Notes in Computer Science},
  publisher = {Springer},
  bibsource = {DBLP, http://dblp.uni-trier.de},
  booktitle = {ICCHP},
  isbn = {3-540-36020-4}
}

@MISC{adnews:11,
  title = {2 bilh�es de pessoas t�m acesso � internet no mundo},
  howpublished = {http://www.adnews.com.br/internet/112254.html},
  month = {March},
  year = {2011},
  key = {Adnews}
}

@MISC{irpf_estacao:11,
  title = {Imposto de Renda 2011 s� poder� ser declarado pela internet},
  howpublished = {http://irpf.estacaobr.net/imposto-de-renda-2011-so-podera-ser-declarado-pela-internet/},
  month = {February},
  year = {2011},
  key = {IRPF}
}

@MISC{jc:11,
  title = {Bancos podem oferecer conta sem tarifa a partir desta ter�a-feira},
  howpublished = {http://jc.uol.com.br/canal/cotidiano/economia/noticia/2011/02/28/bancos-podem-oferecer-conta-sem-tarifa-a-partir-desta-tercafeira-259223.php},
  month = {March},
  year = {2011},
  key = {JC}
}

@MISC{tjce:11,
  title = {Tribunal de Justiça do Estado do Ceará - Emissão de certidão criminal negativa},
  howpublished = {http://www4.tjce.jus.br/siscertidao/},
  month = {February},
  year = {2011},
  key = {TJCE}
}

@MISC{tjce_portaria:11,
  title = {Tribunal de Justi�a do Estado do Cear� - Portaria N.617/2008},
  howpublished = {http://www4.tjce.jus.br/siscertidao/portaria6172008.pdf},
  month = {February},
  year = {2011},
  key = {TJCE}
}

@MISC{ariaover:13,
  title = {WAI-ARIA Overview},
  howpublished = {http://www.w3.org/WAI/intro/aria.php},
  month = {July},
  year = {2013},
  key = {WAI-ARIA}
}

@MISC{html5aria:11,
  author = {Andrea Tarr},
  title = {WAI-ARIA Roles in Accessible Admin Template},
  howpublished = {http://community.joomla.org/blogs/community/963-wai-aria-roles-in-accessible-admin-template.html},
  month = {November},
  year = {2011}
}

@MISC{irish:11,
  author = {Paul Irish},
  title = {Semantics in practice and mapping semantic value to its consumers},
  howpublished = {http://paulirish.com/2011/semantics/},
  month = {November},
  year = {2011}
}

@MISC{faulkner:11,
  author = {Steve Faulkner},
  title = {HTML5 and the myth of WAI-ARIA redundance},
  howpublished = {http://www.paciellogroup.com/blog/2010/04/html5-and-the-myth-of-wai-aria-redundance/},
  month = {November},
  year = {2011}
}

@MISC{ases:09,
  title = {ASES - Avaliador e Simulador de AcessibilidadE de S�tios},
  howpublished = {http://www.governoeletronico.gov.br/acoes-e-projetos/e-MAG/ases-avaliador-e-simulador-de-acessibilidade-sitios},
  month = {November},
  year = {2009},
  key = {ASES}
}

@MISC{clf:13,
  title = {Common Look and Feel for the Internet 2.0},
  howpublished = {http://www.tbs-sct.gc.ca/clf2-nsi2/index-eng.asp},
  month = {July},
  year = {2013},
  key = {Treasury Board of Canada Secretariat}
}

@MISC{cluster2:09,
  title = {Unified Web Evaluation Methodology version 0.5},
  howpublished = {http://www.wabcluster.org/uwem05/},
  month = {December},
  year = {2009},
  key = {WAB Cluster}
}

@MISC{cluster:09,
  title = {Unified Web Evaluation Methodology UWEM version 1.0},
  howpublished = {http://www.wabcluster.org/uwem1/},
  month = {December},
  year = {2009},
  key = {WAB Cluster}
}


@MISC{dasilva:09,
  title = {DaSilva - Avaliador de Acessibilidade para Websites},
  howpublished = {http://www.dasilva.org.br/},
  month = {November},
  year = {2009},
  key = {DaSilva}
}

@MISC{dda:09,
  title = {The Disability Discrimination Act (DDA)},
  howpublished = {http://www.direct.gov.uk/en/DisabledPeople/RightsAndObligations/DisabilityRights/
	\\\ DG\_4001068},
  month = {October},
  year = {2009},
  key = {DDA}
}

@MISC{dda:95,
  title = {Disability Discrimination Act 1995},
  howpublished = {http://www.legislation.gov.uk/ukpga/1995/50/contents},
  month = {September},
  year = {2013},
  key = {The National Archives}
}



@MISC{drupal:09,
  title = {Drupal para iniciantes},
  howpublished = {http://www.drupal.com.br/},
  month = {December},
  year = {2009},
  key = {Drupal}
}

@MISC{earl:09,
  title = {Evaluation and Report Language (EARL) Overview},
  howpublished = {http://www.w3.org/WAI/intro/earl.php},
  month = {December},
  year = {2009},
  key = {W3C}
}

@MISC{egov:09,
  title = {Padr�es Brasil e-GOV},
  howpublished = {http://www.governoeletronico.gov.br/acoes-e-projetos/padroes-brasil-e-gov},
  month = {October},
  year = {2009},
  key = {Governo Eletr�nico}
}

@MISC{emag:13,
  title = {e-MAG - Modelo de Acessibilidade de Governo Eletrônico},
  howpublished = {http://www.governoeletronico.gov.br/acoes-e-projetos/e-MAG},
  month = {September},
  year = {2013},
  key = {Governo Eletrônico}
}

@MISC{ajax:13,
  title = {AJAX Tutorial},
  howpublished = {http://www.w3schools.com/ajax/default.asp},
  month = {July},
  year = {2013},
  key = {W3Schools}
}

@MISC{dhtml:13,
  title = {DHTML Tutorial},
  howpublished = {http://www.w3schools.com/dhtml/},
  month = {July},
  year = {2013},
  key = {W3Schools}
}

@MISC{emailgov:09,
  title = {Re: eMag, Cartilha T�cnica [mensagem pessoal]},
  howpublished = {Mensagem recebida de: $<$govbr@planejamento.gov.br$>$ em 23 de mar�o},
  month = {March},
  year = {2009},
  key = {Governo Eletr�nico}
}

@MISC{eping:09,
  title = {Padr�es de Interoperabilidade de Governo Eletr�nico},
  howpublished = {http://www.governoeletronico.gov.br/acoes-e-projetos/e-ping-padroes-de-interoperabilidade},
  month = {October},
  year = {2009},
  key = {e-Ping}
}

@MISC{freedom_jaws:13,
  title = {JAWS},
  howpublished = {http://www.freedomscientific.com/jaws-hq.asp},
  month = {July},
  year = {2013},
  key = {Freedom Scientific}
}

@MISC{freedom_magic:13,
  title = {MAGic Screen Magnification Software},
  howpublished = {http://www.freedomscientific.com/products/lv/magic-bl-product-page.asp},
  month = {July},
  year = {2013},
  key = {Freedom Scientific}
}

@MISC{joomla:09,
  title = {Joomla! Brasil},
  howpublished = {http://www.joomla.com.br/},
  month = {December},
  year = {2009},
  key = {Joomla}
}

@MISC{l10048:00,
  title = {LEI No 10.048, DE 8 DE NOVEMBRO DE 2000},
  howpublished = {http://www.planalto.gov.br/ccivil\_03/leis/l10048.htm},
  month = {July},
  year = {2013},
  key = {Planalto}
}

@MISC{l10098:00,
  title = {LEI No 10.098, DE 19 DE DEZEMBRO DE 2000},
  howpublished = {http://www.planalto.gov.br/ccivil\_03/Leis/L10098.htm},
  month = {July},
  year = {2013},
  key = {Planalto}
}

@MISC{d5296:04,
  title = {DECRETO N� 5.296 DE 2 DE DEZEMBRO DE 2004},
  howpublished = {http://www.planalto.gov.br/ccivil/\_ato2004-2006/2004/decreto/d5296.htm},
  month = {July},
  year = {2013},
  key = {Planalto}
}

@MISC{lea:13,
  title = {LEA - Lightweight Eyetracking Algorithm},
  howpublished = {http://lea-eyetracking.sourceforge.net/},
  month = {July},
  year = {2013},
  key = {Open Source Software}
}

@MISC{microsoft:11,
  title = {Accessibility Design Guidelines for the Web},
  howpublished = {http://msdn.microsoft.com/en-us/library/aa291312(VS.71).aspx},
  month = {November},
  year = {2011},
  key = {Microsoft}
}

@MISC{modeloemag:11,
  title = {e-MAG Vers�o 3.0},
  howpublished = {http://www.governoeletronico.gov.br/
  biblioteca/arquivos/e-mag-3.0/download},
  month = {November},
  year = {2011},
  key = {Governo Eletr�nico}
}

@MISC{nce-ufrj:13,
  title = {Projeto DOSVOX},
  howpublished = {http://intervox.nce.ufrj.br/dosvox/},
  month = {July},
  year = {2013},
  key = {NCE-UFRJ}
}

@MISC{lynx:13,
  title = {Lynx},
  howpublished = {http://lynx.browser.org/},
  month = {July},
  year = {2013},
  key = {LYNX}
}

@MISC{ncuniversity:11,
  title = {New ``Principles of Universal'' Design Posters available},
  howpublished = {http://www.ncsu.edu/project/design-projects/udi/2011/05/09/newprinciplesposters/},
  month = {November},
  year = {2011},
  key = {NCSU}
}

@MISC{nda:13,
  title = {The National Disability Authority},
  howpublished = {http://www.nda.ie/},
  month = {July},
  year = {2013},
  key = {NDA}
}

@MISC{opera:13,
  title = {Opera version history},
  howpublished = {http://www.opera.com/docs/history/\#o10},
  month = {July},
  year = {2013},
  key = {Opera Software}
}

@MISC{ttv:13,
  title = {Text to Voice},
  howpublished = {https://addons.mozilla.org/pt-br/firefox/addon/text-to-voice/},
  month = {November},
  year = {2013},
  key = {Mozilla Corporation}
}

@MISC{pnud:09,
  title = {PNUD Brasil},
  howpublished = {http://www.pnud.org.br/pnud/},
  month = {December},
  year = {2009},
  key = {PNUD}
}

@MISC{portaria3:09,
  title = {Portaria n� 3, de 7 de Maio de 2007},
  howpublished = {http://www.governoeletronico.gov.br/anexos/portaria-no-03-e-mag},
  month = {October},
  year = {2009},
  key = {Governo Eletr�nico}
}

@MISC{section508:09,
  title = {Section 508: 508 Law},
  howpublished = {http://www.section508.gov/index.cfm?FuseAction=Content\&ID=3},
  month = {October},
  year = {2009},
  key = {Section 508}
}

@MISC{serpro:11,
  title = {SERPRO - Acessibilidade na Web},
  howpublished = {http://www.serpro.gov.br/acessibilidade/acesso.php},
  month = {November},
  year = {2011},
  key = {SERPRO}
}

@MISC{ietf:13,
  title = {The Internet Engineering Task Force (IETF)},
  howpublished = {http://www.ietf.org/},
  month = {July},
  year = {2013},
  key = {IETF}
}

@MISC{sidar:13,
  title = {Revendo a Acessibilidade com Estilo},
  howpublished = {http://www.sidar.org/hera/},
  month = {July},
  year = {2013},
  key = {Sidar}
}

@MISC{uklaw:09,
  title = {UK Law for websites},
  howpublished = {http://www.rnib.org.uk/professionals/webaccessibility/lawsandstandards/Pages/
	\\\ uk\_law.aspx},
  month = {October},
  year = {2009},
  key = {RNIB}
}

@MISC{webcredible:11,
  title = {Disability Discrimination Act (DDA) \& web accessibility},
  howpublished = {http://www.webcredible.co.uk/user-friendly-resources/web-accessibility/uk-website-legal-requirements.shtml},
  month = {November},
  year = {2011},
  key = {Webcredible}
}

@MISC{w3c:13,
  title = {World Wide Web Consortium},
  howpublished = {http://www.w3.org/},
  month = {July},
  year = {2013},
  key = {W3C}
}

@MISC{w3cev:09,
  title = {Evaluating Web Sites for Accessibility: Overview},
  howpublished = {http://www.w3.org/WAI/eval/},
  month = {November},
  year = {2009},
  key = {W3C}
}

@MISC{w3ctools:09,
  title = {Complete List of Web Accessibility Evaluation Tools},
  howpublished = {http://www.w3.org/WAI/ER/tools/complete},
  month = {November},
  year = {2009},
  key = {W3C}
}

@MISC{wai:13,
  title = {Web Accessibility Initiative (WAI)},
  howpublished = {http://www.w3.org/WAI/},
  month = {July},
  year = {2013},
  key = {WAI}
}

@MISC{wcag10:13,
  title = {Web Content Accessibility Guidelines 1.0},
  howpublished = {http://www.w3.org/TR/WCAG10/},
  month = {July},
  year = {2013},
  key = {W3C}
}

@MISC{wcagtech:13,
  title = {Techniques for WCAG 2.0},
  howpublished = {http://www.w3.org/TR/WCAG20-TECHS/},
  month = {July},
  year = {2013},
  key = {W3C}
}

@MISC{libreoffice:13,
  title = {Libre Office},
  howpublished = {http://pt-br.libreoffice.org/},
  month = {July},
  year = {2013},
  key = {The Document Foundation}
}

@MISC{w3validator:12,
  title = {W3C Markup Validator Service},
  howpublished = {http://validator.w3.org/},
  month = {February},
  year = {2012},
  key = {W3C}
}

@MISC{eclipse:12,
  title = {Eclipse - The Eclipse Foundation open source community website},
  howpublished = {http://www.eclipse.org},
  month = {February},
  year = {2012},
  key = {Eclipse}
}

@MISC{php:12,
  title = {PHP: Hypertext Preprocessor},
  howpublished = {http://www.php.net},
  month = {February},
  year = {2012},
  key = {PHP}
}

@MISC{linuxacessivel:12,
  title = {linuxacessivel.org},
  howpublished = {http://www.linuxacessivel.org/},
  month = {February},
  year = {2012},
  key = {linuxacessivel.org}
}

@MISC{jquery:13,
  title = {jQuery: The Write Less, Do More, JavaScript Library},
  howpublished = {http://jquery.com},
  month = {July},
  year = {2013},
  key = {jQuery}
}

@MISC{mootools:13,
  title = {MooTools - a compact javascript framework},
  howpublished = {http://mootools.net/},
  month = {July},
  year = {2013},
  key = {MooTools}
}

@MISC{prototype:13,
  title = {Prototype Javascript framework: Easy Ajax and DOM manipulation for dynamic web applications},
  howpublished = {http://www.prototypejs.org/},
  month = {July},
  year = {2013},
  key = {Prototype}
}

@MISC{dojo:13,
  title = {Unbeatable JavaScript Tools - The Dojo Toolkit},
  howpublished = {http://dojotoolkit.org/},
  month = {July},
  year = {2013},
  key = {Dojo}
}


@MISC{adobe:12,
  title = {Plataforma Adobe Flash},
  howpublished = {http://www.adobe.com/br/flashplataform/},
  month = {February},
  year = {2012},
  key = {Adobe}
}



@MISC{ubuntu:12,
  title = {Accessibility - Community Ubuntu Documentation},
  howpublished = {https://help.ubuntu.com/community/Accessibility},
  month = {February},
  year = {2012},
  key = {Ubuntu}
}

@MISC{javascript:12,
	title = {JavaScript Developer Central},
	howpublished = {http://web.archive.org/web/200000815085044/http://developer.netscape.com/tech/
	javascript/},
    month = {February},
    year = {2012},
    key = {Internet Archive}
}

@MISC{javascript:13,
	title = {JavaScript},
	howpublished = {https://developer.mozilla.org/en-US/docs/Web/JavaScript},
    month = {July},
    year = {2013},
    key = {Mozilla Developer Network}
}

@MISC{wcag20:13,
  title = {Web Content Accessibility Guidelines (WCAG) 2.0},
  howpublished = {http://www.w3.org/TR/WCAG20/},
  month = {July},
  year = {2013},
  key = {WCAG}
}

@MISC{clark:11,
  author = {Joe Clark},
  title = {To Hell with WCAG 2},
  howpublished = {http://www.alistapart.com/articles/tohellwithwcag2},
  month = {November},
  year = {2011},
}

@MISC{wcagsamurai:11,
  title = {WCAG Samurai},
  howpublished = {http://wcagsamurai.org/},
  month = {November},
  year = {2011},
  key = {WCAG Samurai}
}

@MISC{wcagdiff:13,
  title = {How WCAG 2.0 Differs from WCAG 1.0},
  howpublished = {http://www.w3.org/WAI/WCAG20/from10/diff.php},
  month = {July},
  year = {2013},
  key = {WCAG}
}

@MISC{wcagover:13,
  title = {WCAG Overview},
  howpublished = {http://www.w3.org/WAI/intro/wcag},
  month = {July},
  year = {2013},
  key = {WCAG}
}

@MISC{owl:13,
  title = {OWL Web Ontology Language Overview},
  howpublished = {http://www.w3.org/TR/owl-features/},
  month = {July},
  year = {2013},
  key = {W3C}
}

@MISC{owl2draft:13,
  title = {OWL 2 Web Ontology Language Document Overview (Second Edition)},
  howpublished = {http://www.w3.org/TR/owl2-overview/},
  month = {July},
  year = {2013},
  key = {W3C}
}

@MISC{ibm:13,
  title = {Rational Software Architect},
  howpublished = {http://www-03.ibm.com/software/products/br/pt/ratisoftarch/},
  month = {July},
  year = {2013},
  key = {IBM}
}

@MISC{ibmreq:13,
  title = {Rational RequisitePro},
  howpublished = {http://www-03.ibm.com/software/products/br/pt/reqpro/},
  month = {July},
  year = {2013},
  key = {IBM}
}

@MISC{ibmwebsphere:13,
  title = {WebSphere software},
  howpublished = {http://www-01.ibm.com/software/websphere/},
  month = {July},
  year = {2013},
  key = {IBM}
}

@MISC{sparx:13,
  title = {Sparx Systems},
  howpublished = {http://www.sparxsystems.com/enterprise\_architect\_user\_guide/index.html},
  month = {July},
  year = {2013},
  key = {Sparx Systems}
}

@MISC{reqdesigner:13,
  title = {Requirement Designer (Indigo version) 1.0},
  howpublished = {http://marketplace.eclipse.org/node/407399/\#.UeNytI2HvJK},
  month = {July},
  year = {2013},
  key = {Eclipse Marketplace}
}

@MISC{umldesigner:13,
  title = {UML Designer (Indigo version) 1.5},
  howpublished = {http://marketplace.eclipse.org/content/uml-designer-indigo-version/\#.UeNzD42HvJJ},
  month = {July},
  year = {2013},
  key = {Eclipse Marketplace}
}

@MISC{umltojava:13,
  title = {Uml to Java Generator 2.0.2},
  howpublished = {http://marketplace.eclipse.org/content/uml-java-generator/\#.UeNzWI2HvJJ},
  month = {July},
  year = {2013},
  key = {Eclipse Marketplace}
}

@MISC{java:13,
  title = {Java},
  howpublished = {http://www.oracle.com/technetwork/java/index.html},
  month = {July},
  year = {2013},
  key = {Oracle}
}

@MISC{ecoretools:13,
  title = {Ecore Tools},
  howpublished = {http://wiki.eclipse.org/index.php/Ecore\_Tools},
  month = {July},
  year = {2013},
  key = {Eclispe}
}

@MISC{rmf:13,
  title = {ProR - Requirement Engineering Platform},
  howpublished = {http://www.eclipse.org/rmf/pror/},
  month = {July},
  year = {2013},
  key = {Eclispe}
}

@MISC{reqif:13,
  title = {Requirements Interchange Format (ReqIF)},
  howpublished = {http://www.omg.org/spec/ReqIF/},
  month = {July},
  year = {2013},
  key = {OMG}
}

@MISC{select:13,
  title = {Select Architect (BMM, BPMN, UML)},
  howpublished = {http://www.selectbs.com/analysis-and-design/select-architect},
  month = {July},
  year = {2013},
  key = {Select}
}

@MISC{obeo:13,
  title = {OBEO},
  howpublished = {http://www.eclipse.org/membership/showMember.php?member\_id=863},
  month = {July},
  year = {2013},
  key = {Eclipse}
}

@MISC{eclipselicense:13,
  title = {Eclipse Public License - v 1.0},
  howpublished = {http://www.eclipse.org/legal/epl-v10.html},
  month = {July},
  year = {2013},
  key = {Eclipse}
}

@MISC{odftoolkit:13,
  title = {APACHE ODF TOOLKIT (INCUBATING)},
  howpublished = {http://incubator.apache.org/odftoolkit/},
  month = {July},
  year = {2013},
  key = {Apache}
}

@MISC{odftoolkitsimple:13,
  title = {APACHE ODF TOOLKIT(INCUBATING) - SIMPLE API},
  howpublished = {http://incubator.apache.org/odftoolkit/simple/index.html},
  month = {July},
  year = {2013},
  key = {Apache}
}

@MISC{acceleo:13,
  title = {Acceleo - transforming models into code},
  howpublished = {http://www.eclipse.org/acceleo/},
  month = {July},
  year = {2013},
  key = {Eclipse}
}

@MISC{acceleoquery:13,
  title = {Queries},
  howpublished = {http://www.obeonetwork.com/page/the-acceleo-queries},
  month = {July},
  year = {2013},
  key = {Obeo Network}
}

@MISC{tinymce:13,
  title = {TinyMCE - Home},
  howpublished = {http://www.tinymce.com},
  month = {July},
  year = {2013},
  key = {TinyMCE}
}

@MISC{ifms:12,
  title = {Instituto Federal de Mato Grosso do Sul - Sistemas para Internet},
  howpublished = {http://www.ifms.edu.br/rightsidebar/cursos/graduacao-2/tecnologia-em-sistemas-para-internet/},
  month = {February},
  year = {2012},
  key = {IFMS}
}

@MISC{ufms1:12,
  title = {UFMS - An�lise de Sistemas - Bacharelado},
  howpublished = {http://www.sien.ufms.br/cursos/grade/1903},
  month = {February},
  year = {2012},
  key = {UFMS}
}

@MISC{ufms2:12,
  title = {UFMS - Ci�ncia da Computa��o - Bacharelado},
  howpublished = {http://www.sien.ufms.br/cursos/grade/1904},
  month = {February},
  year = {2012},
  key = {UFMS}
}

@MISC{ufms3:12,
  title = {UFMS - Curso Superior de Tecnologia em An�lise e Desenvolvimento de Sistemas},
  howpublished = {http://www.sien.ufms.br/cursos/grade/1902},
  month = {February},
  year = {2012},
  key = {UFMS}
}

@MISC{ufms4:12,
  title = {UFMS - Sistemas de Informa��o - Bacharelado},
  howpublished = {http://www.sien.ufms.br/cursos/grade/0803},
  month = {February},
  year = {2012},
  key = {UFMS}
}

@MISC{section508:98,
  title = {Section 508},
  howpublished = {http://www.justice.gov/crt/508/},
  month = {August},
  year = {2013},
  key = {U.S. Department of Justice}
}

@MANUAL{nbr9050:94,
  title = {{NBR} 9050},
  address = {Av. Treze de Maio, 13 - 28� andar - Rio de Janeiro - RJ},
  year = {1994},
  key = {ABNT}
}

@MISC{wordpress:13,
  title = {Wordpress | Brasil},
  howpublished = {http://br.wordpress.org/},
  month = {July},
  year = {2013},
  key = {Wordpress}
}

@MISC{joomla:13,
  title = {Joomla!},
  howpublished = {http://www.joomla.org/},
  month = {July},
  year = {2013},
  key = {Joomla}
}

@MISC{drupal:13,
  title = {Drupal Brasil},
  howpublished = {http://drupal-br.org/},
  month = {July},
  year = {2013},
  key = {Drupal}
}

@MISC{rup:13,
  title = {IBM Rational Unified Process (RUP)},
  howpublished = {http://www-01.ibm.com/software/awdtools/rup/},
  month = {July},
  year = {2013},
  key = {IBM}
}

@MISC{plone:13,
  title = {Plone},
  howpublished = {http://plone.org/},
  month = {July},
  year = {2013},
  key = {Plone}
}

@MISC{wiki:13,
  title = {List of wiki software},
  howpublished = {http://en.wikipedia.org/wiki/List\_of\_wiki\_software},
  month = {July},
  year = {2013},
  key = {Wikipedia}
}

@MISC{moodle:13,
  title = {Moodle},
  howpublished = {http://moodle.org/},
  month = {July},
  year = {2013},
  key = {Moodle}
}

@MISC{titan:11,
  title = {Titan Framework},
  howpublished = {http://www.ledes.net/index.php?section\-=project\&itemId=1},
  month = {November},
  year = {2011},
  key = {LEDES}
}

@MASTERSTHESIS{sandim:09,
  author = {Sandim, Hercules da Costa},
  title = { Pantaneiro: Um framework para desenvolvimento de webapps em uma plataforma e-gov},
  school = {Universidade Federal de Mato Grosso do Sul},
  year = {2009}
}

@MISC{atag:13,
  title = {Authoring Tool Accessibility Guidelines (ATAG) Overview},
  howpublished = {http://www.w3.org/WAI/intro/atag.php},
  month = {July},
  year = {2013},
  key = {W3C}
}

@MISC{atag10:13,
  title = {Authoring Tool Accessibility Guidelines 1.0},
  howpublished = {http://www.w3.org/TR/ATAG10/},
  month = {July},
  year = {2013},
  key = {ATAG}
}

@MISC{atag20:13,
  title = {Authoring Tool Accessibility Guidelines (ATAG) 2.0},
  howpublished = {http://www.w3.org/TR/ATAG20/},
  month = {July},
  year = {2013},
  key = {ATAG}
}

@MISC{smil:13,
  title = {Synchronized Multimedia Integration Language (SMIL 3.0)},
  howpublished = {http://www.w3.org/TR/smil/},
  month = {July},
  year = {2013},
  key = {SMIL}
}

@MISC{uaag:13,
  title = {User Agent Accessibility Guidelines (UAAG) Overview},
  howpublished = {http://www.w3.org/WAI/intro/uaag.php},
  month = {July},
  year = {2013},
  key = {UAAG}
}

@MISC{uaag10:13,
  title = {User Agent Accessibility Guidelines 1.0},
  howpublished = {http://www.w3.org/TR/UAAG10/guidelines.html\#Guidelines},
  month = {July},
  year = {2013},
  key = {UAAG}
}

@MISC{uaag20:13,
  title = {User Agent Accessibility Guidelines (UAAG) 2.0},
  howpublished = {http://www.w3.org/TR/UAAG20/},
  month = {July},
  year = {2013},
  key = {UAAG}
}

@MISC{earl:13,
  title = {Evaluation and Report Language (EARL) Overview},
  howpublished = {http://www.w3.org/WAI/intro/earl},
  month = {July},
  year = {2013},
  key = {EARL}
}

@MISC{earl10:13,
  title = {Evaluation and Report Language (EARL) 1.0 Schema},
  howpublished = {http://www.w3.org/TR/EARL10-Schema/},
  month = {July},
  year = {2013},
  key = {EARL}
}

@MISC{astah:13,
  title = {Astah Professional},
  howpublished = {http://astah.net/editions/professional},
  month = {July},
  year = {2013},
  key = {Astah}
}

@MISC{emf:13,
  title = {Eclipse Modeling Framework Project (EMF)},
  howpublished = {http://www.eclipse.org/modeling/emf/},
  month = {July},
  year = {2013},
  key = {Eclipse}
}

@MISC{visualparadigm:13,
  title = {Visual Paradigm},
  howpublished = {http://www.visual-paradigm.com/},
  month = {July},
  year = {2013},
  key = {Visual Paradigm}
}

@MISC{aegis:13,
  title = {AEGIS Ontology},
  howpublished = {http://www.aegis-project.eu/index.php?option=com\_content\&view=article\&id=107\&Itemid=65},
  month = {July},
  year = {2013},
  key = {Aegis}
}

@MISC{accessibleconsortium:13,
  title = {Accessible - Applications Design and Development},
  howpublished = {http://www.accessible-eu.org/index.php/consortium.html},
  month = {July},
  year = {2013},
  key = {Accessible Consortium}
}

@MISC{accessibleontology:13,
  title = {Accessible - Applications Design and Development - Ontology},
  howpublished = {http://www.accessible-eu.org/index.php/ontology.html},
  month = {July},
  year = {2013},
  key = {Accessible Consortium}
}

@MISC{rdf:13,
  title = {Resource Description Framework (RDF)},
  howpublished = {http://www.w3.org/RDF/},
  month = {July},
  year = {2013},
  key = {W3C}
}

@MISC{googlelabs:11,
  title = {Google Accessibility},
  howpublished = {http://www.google.com/accessibility/\-labs/search/},
  month = {October},
  year = {2011},
  key = {Google}
}

@MISC{google:13,
  title = {Accessibility in Google Search},
  howpublished = {https://support.google.com/websearch/answer/181196?hl=en},
  month = {July},
  year = {2013},
  key = {Google}
}

@INPROCEEDINGS{4380248, 
  author={Bailey, J. and Burd, E.}, 
  booktitle={Web Site Evolution, 2007. WSE 2007. 9th IEEE International Workshop on}, 
  title={Towards More Mature Web Maintenance Practices for Accessibility}, 
  year={2007}, 
  month={oct.}, 
  pages={81 - 87}, 
  keywords={Web accessibility;Web maintenance activity;Web page;Web sites;}, 
  doi={10.1109/WSE.2007.4380248}
}

@MISC{heraffx:11,
  title = {HERA FFX: Extensi�n de HERA para Firefox},
  howpublished = {http://www.sidar.org/recur/aplica/heraffx.php},
  month = {November},
  year = {2011},
  key = {Sidar}
}

@MISC{wireshark:11,
  title = {WIRESHARK},
  howpublished = {http://www.wireshark.org/},
  month = {November},
  year = {2011},
  key = {Wireshark Foundation}
}

@MISC{webanywhere:13,
  title = {WebAnywhere - A Screen reader on the go},
  howpublished = {http://webanywhere.cs.washington.edu/},
  month = {July},
  year = {2013},
  key = {WebAnywhere}
}

@MISC{accmd:11,
  title = {ACCMD Briefing},
  howpublished = {http://wiki.cetis.ac.uk/ACCMD\_Brie\-fing},
  month = {October},
  year = {2011},
  key = {ACCMD}
}

@MISC{soap:13,
  title = {SOAP Version 1.2 Part 0: Primer},
  howpublished = {http://www.w3.org/TR/2003/REC-soap12-part0-20030624/},
  month = {July},
  year = {2013},
  key = {SOAP}
}

@MANUAL{iso12207:98,
  title = {{ISO/IEC} 12207 - Standard for Informational Technology - Software Lifecycle Processes},
  address = {1, ch. de la Voie-Creuse - CP 56 - CH-1211 Geneva 20 - Switzerland},
  year = {1998},
  key = {ISO}
}

@MISC{ims:13,
  title = {IMS Access For All v2.0 Final Specification},
  howpublished = {http://www.imsglobal.org/accessibility/},
  month = {July},
  year = {2013},
  key = {IMS}
}

@MISC{select:11,
  title = {Select Architect (BMM, BPMN, UML)},
  howpublished = {http://www.selectbs.com/analysis-and-design/select-architect},
  month = {October},
  year = {2011},
  key = {Select}
}

@MISC{bobby:11,
  title = {Rational Policy Tester Accessibility Edition},
  howpublished = {http://www-01.ibm.com/software/awdtools/tester/policy/accessibility/},
  month = {October},
  year = {2011},
  key = {IBM}
}

@MISC{accmd:13,
  title = {ACCMD Briefing},
  howpublished = {http://wiki.cetis.ac.uk/ACCMD\_Briefing},
  month = {July},
  year = {2013},
  key = {IBM}
}

@MISC{javacc:11,
  title = {Java Compiler Compiler [tm] (JavaCC [tm]) - The Java Parser Generator},
  howpublished = {http://javacc.java.net/},
  month = {November},
  year = {2011},
  key = {JavaCC}
}

@MISC{rss:11,
  title = {RSS Specifications},
  howpublished = {http://www.rss-specifications.com/rss-specifications.htm},
  month = {November},
  year = {2011},
  key = {RSS}
}

@MISC{xpath:11,
  title = {XPath Introduction},
  howpublished = {http://www.w3schools.com/xpath/
  xpath\_intro.asp},
  month = {October},
  year = {2011},
  key = {W3 Schools}
}

@MISC{xslt:11,
  title = {XSL Transformations (XSLT)},
  howpublished = {http://www.w3.org/TR/xslt},
  month = {October},
  year = {2011},
  key = {W3C}
}

@MISC{seebrowser:11,
  title = {SeEBrowser (Semantically Enhanced Browser)},
  howpublished = {http://seebrowser.it.teithe.gr/?q=en/node/32},
  month = {October},
  year = {2011},
  key = {SeEBrowser}
}

@INPROCEEDINGS{4809825, 
author={Manohar, P. and Parthasarathy, A.}, 
booktitle={Computer Modelling and Simulation, 2009. UKSIM '09. 11th International Conference on}, 
title={An Innovative Braille System Keyboard for the Visually Impaired}, 
year={2009}, 
month={march}, 
pages={559 -562}, 
keywords={back sense switch;caps lock switch;easy typing technology;innovative Braille system keyboard;logical sensing switches;space shift switch;speak switch;visually impaired;handicapped aids;keyboards;}, 
doi={10.1109/UKSIM.2009.66},
}

@INPROCEEDINGS{5469165, 
author={Sarcar, S. and Ghosh, S. and Saha, P.K. and Samanta, D.}, 
booktitle={Students' Technology Symposium (TechSym), 2010 IEEE}, 
title={Virtual keyboard design: State of the arts and research issues}, 
year={2010}, 
month={april}, 
pages={289 -299}, 
keywords={English language;Indian languages;information and communication technologies;on-screen graphics keyboard;virtual keyboard design;computer graphic equipment;keyboards;natural language processing;}, 
doi={10.1109/TECHSYM.2010.5469165},
}

@incollection {springerlink:10.1007/978-3-642-02713-0,
   author = {Moreno, Lourdes and Martínez, Paloma and Ruiz-Mezcua, Belén},
   affiliation = {Computer Science Department, Universidad Carlos III de Madrid, Avda. Universidad 30, Leganés, 28911 Madrid, Spain},
   title = {Integrating HCI in a Web Accessibility Engineering Approach},
   booktitle = {Universal Access in Human-Computer Interaction. Applications and Services},
   series = {Lecture Notes in Computer Science},
   editor = {Stephanidis, Constantine},
   publisher = {Springer Berlin / Heidelberg},
   isbn = {978-3-642-02712-3},
   keyword = {Computer Science},
   pages = {745-754},
   volume = {5616},
   url = {http://dx.doi.org/10.1007/978-3-642-02713-0\_79},
   note = {10.1007/978-3-642-02713-0\_79},
   year = {2009}
}

@book{microsoft:09,
  author = {Microsoft},
  title={Engineering Software for Accessibility},
  isbn={9780735646094},
  url={http://books.google.com.br/books?id=LVnfMYuHaoYC},
  publisher={O'Reilly Media, Inc.},
  year = {2009},
}

@INPROCEEDINGS{xp:12, 
author={Juric, R.}, 
booktitle={Information Technology Interfaces, 2000. ITI 2000. Proceedings of the 22nd International Conference on}, 
title={Extreme programming and its development practices}, 
year={2000}, 
month={june},  
pages={97 -104}, 
keywords={automated tests;code generation;collective code-ownership;conceptual modelling;extreme programming;intensive software systems;oral communications;pair programming;rational unified process;software architecture solutions;software engineering practice;storytelling culture;programming;software architecture;},  
ISSN={1330-1012},}

@INPROCEEDINGS{scrum:12, 
author={Hu Guang-yong}, 
booktitle={Communication Software and Networks (ICCSN), 2011 IEEE 3rd International Conference on}, 
title={Study and practice of import Scrum agile software development}, 
year={2011}, 
month={may},  
pages={217 -220}, 
keywords={Scrum agile software development;Scrum process management templates;Visual Studio;software industry;team custom Scrum template;team developing vehicle spare parts management system;automotive components;maintenance engineering;mechanical engineering computing;software prototyping;}, 
doi={10.1109/ICCSN.2011.6013698},
}

@INPROCEEDINGS{1630123, 
author={Kavcic, A.}, 
booktitle={Computer as a Tool, 2005. EUROCON 2005.The International Conference on}, 
title={Software Accessibility: Recommendations and Guidelines}, 
year={2005}, 
month={November}, 
volume={2}, 
pages={1024 -1027}, 
keywords={accessible software design;information technology product;software accessibility guidelines;software application development;handicapped aids;user centred design;user interfaces;}, 
doi={10.1109/EURCON.2005.1630123},
}

@INPROCEEDINGS{5068459, 
author={Belani, H. and Car, Z. and Caric, A.}, 
booktitle={Software Engineering for Secure Systems, 2009. SESS '09. ICSE Workshop on}, 
title={RUP-based process model for security requirements engineering in value-added service development}, 
year={2009}, 
month={may},   
pages={54 -60}, 
keywords={ICT systems;RUP framework;RUP-based process model;Rational Unified Process;business models;information and communication technology;model validation;process model SecuRUP;security requirements engineering;security solutions;short message services;value-added SMS service development;business data processing;electronic messaging;formal verification;security of data;}, 
doi={10.1109/IWSESS.2009.5068459},
}

@book{Beck:1999:EPE:318762,
 author = {Beck, Kent},
 title = {Extreme programming explained: embrace change},
 year = {2000},
 isbn = {0-201-61641-6},
 publisher = {Addison-Wesley Longman Publishing Co., Inc.},
 address = {Boston, MA, USA},
} 

@book{DeGrace:1990:WPR:83202,
 author = {DeGrace, Peter and Stahl, Leslie Hulet},
 title = {Wicked problems, righteous solutions},
 year = {1990},
 isbn = {0-13-590126-X},
 publisher = {Yourdon Press},
 address = {Upper Saddle River, NJ, USA},
}

@inproceedings{Carromeu:2010:CAE:1796182.1796987,
 author = {Carromeu, Camilo and Paiva, D{\'e}bora Maria Barroso and Cagnin, Maria Istela and Rubinsztejn, Hana Karina Salles and Turine, Marcelo Augusto Santos and Breitman, Karin},
 title = {Component-Based Architecture for e-Gov Web Systems Development},
 booktitle = {Proceedings of the 2010 17th IEEE International Conference and Workshops on the Engineering of Computer-Based Systems},
 series = {ECBS '10},
 year = {2010},
 isbn = {978-0-7695-4005-4},
 pages = {379--385},
 numpages = {7},
 url = {http://dx.doi.org/10.1109/ECBS.2010.60},
 doi = {10.1109/ECBS.2010.60},
 acmid = {1796987},
 publisher = {IEEE Computer Society},
 address = {Washington, DC, USA},
 keywords = {e-gov, software architecture, software product line},
}

@book{Jacobson:1999:USD:309683,
 author = {Jacobson, Ivar and Booch, Grady and Rumbaugh, James},
 title = {The unified software development process},
 year = {1999},
 isbn = {0-201-57169-2},
 publisher = {Addison-Wesley Longman Publishing Co., Inc.},
 address = {Boston, MA, USA},
}

@inproceedings{Melo:2006:DPI:1298023.1298026,
 author = {Melo, Amanda Meincke and Baranauskas, M. Cec\'{\i}lia C.},
 title = {Design para a inclus�o: desafios e proposta},
 booktitle = {Proceedings of VII Brazilian symposium on Human factors in computing systems},
 series = {IHC '06},
 year = {2006},
 isbn = {1-59593-432-4},
 location = {Natal, RN, Brazil},
 pages = {11--20},
 numpages = {10},
 url = {http://doi.acm.org/10.1145/1298023.1298026},
 doi = {10.1145/1298023.1298026},
 acmid = {1298026},
 publisher = {ACM},
 address = {New York, NY, USA},
 keywords = {accessibility, inclusive design, participatory design, universal design, web engineering},
} 

@misc{ieeeeia12207:1998,
  added-at = {2009-10-14T21:30:02.000+0200},
  key = {IEEE/EIA},
  biburl = {http://www.bibsonomy.org/bibtex/261f5977c5b3160d34a536afa582b96a4/magsilva},
  howpublished = {Standard},
  interhash = {cd6fe5e43c4c6f56f364abe017b9a160},
  intrahash = {61f5977c5b3160d34a536afa582b96a4},
  keywords = {imported},
  month = mar,
  owner = {magsilva},
  timestamp = {2009-10-14T21:30:02.000+0200},
  title = {IEEE/EIA 12207 - Industry Implementation of International Standard
	ISO/IEC 12207 : 1995},
  year = 1998
}

@inproceedings{guo:2009:OBI:1681515.1682933,
 author = {guo, Ying and Yang, Meihong and Wang, Jun and Yang, Ping and Li, Feng},
 title = {An Ontology Based Improved Software Requirement Traceability Matrix},
 booktitle = {Proceedings of the 2009 Second International Symposium on Knowledge Acquisition and Modeling - Volume 01},
 series = {KAM '09},
 year = {2009},
 isbn = {978-0-7695-3888-4},
 pages = {160--163},
 numpages = {4},
 url = {http://dx.doi.org/10.1109/KAM.2009.63},
 doi = {10.1109/KAM.2009.63},
 acmid = {1682933},
 publisher = {IEEE Computer Society},
 address = {Washington, DC, USA},
 keywords = {requirement engineering, requirement traceability matrix(RTM), lateral traceability, vertical traceability},
}

@inproceedings{Cleland-Huang:2005:USE:1099549.1100625,
 author = {Cleland-Huang, Jane and Settimi, Raffaella and Duan, Chuan and Zou, Xuchang},
 title = {Utilizing Supporting Evidence to Improve Dynamic Requirements Traceability},
 booktitle = {Proceedings of the 13th IEEE International Conference on Requirements Engineering},
 series = {RE '05},
 year = {2005},
 isbn = {0-7695-2425-7},
 pages = {135--144},
 numpages = {10},
 url = {http://dx.doi.org/10.1109/RE.2005.78},
 doi = {10.1109/RE.2005.78},
 acmid = {1100625},
 publisher = {IEEE Computer Society},
 address = {Washington, DC, USA},
}

@inproceedings{Deeptimahanti:2009:ATG:1747491.1747583,
 author = {Deeptimahanti, Deva Kumar and Babar, Muhammad Ali},
 title = {An Automated Tool for Generating UML Models from Natural Language Requirements},
 booktitle = {Proceedings of the 2009 IEEE/ACM International Conference on Automated Software Engineering},
 series = {ASE '09},
 year = {2009},
 isbn = {978-0-7695-3891-4},
 pages = {680--682},
 numpages = {3},
 url = {http://dx.doi.org/10.1109/ASE.2009.48},
 doi = {10.1109/ASE.2009.48},
 acmid = {1747583},
 publisher = {IEEE Computer Society},
 address = {Washington, DC, USA},
 keywords = {Requirement engineering, Natural Language Processing, Unified Modeling Language},
} 

@INPROCEEDINGS{Noy01creatingsemantic,
    author = {Natalya F. Noy and Michael Sintek and Stefan Decker and Monica Crubezy and Ray W. Fergerson and Mark A. Musen},
    title = {Creating Semantic Web Contents with Protege-2000},
    booktitle = {Proteg�-2000. IEEE Intelligent Systems (2001},
    year = {2001},
    pages = {60--71}
}

@inproceedings{Kumar:2008:SUM:1487741.1488136,
 author = {Kumar, Deeptimahanti Deva and Sanyal, Ratna},
 title = {Static UML Model Generator from Analysis of Requirements (SUGAR)},
 booktitle = {Proceedings of the 2008 Advanced Software Engineering and Its Applications},
 series = {ASEA '08},
 year = {2008},
 isbn = {978-0-7695-3432-9},
 pages = {77--84},
 numpages = {8},
 url = {http://dx.doi.org/10.1109/ASEA.2008.25},
 doi = {10.1109/ASEA.2008.25},
 acmid = {1488136},
 publisher = {IEEE Computer Society},
 address = {Washington, DC, USA},
 keywords = {Rational Unified Process, Unified Modeling Language, Natural Language Processing, Software Requirement Specification},
}

@incollection{Joonhoon:09,
year={2009},
isbn={978-3-642-10618-7},
booktitle={Advances in Software Engineering},
volume={59},
series={Communications in Computer and Information Science},
editor={Slezak, Dominik and Kim, Tai-hoon and Kiumi, Akingbehin and Jiang, Tao and Verner, June and Abrahão, Silvia},
doi={10.1007/978-3-642-10619-4_12},
title={Reliability Analysis Method for Supporting Traceability Using UML},
url={http://dx.doi.org/10.1007/978-3-642-10619-4_12},
publisher={Springer Berlin Heidelberg},
keywords={Reliability; UML; Traceability; Petri Nets; Markov Chain},
author={Lee, Joonhoon and Cho, Beoungil and Youn, Hyunsang and Lee, Eunseok},
pages={94-101}
}

@Misc{ trove.nla.gov.au/work/7376771,
title = { The Unified Modeling Language : selections from OOPSLA'96 / Grady Booch, Ivar Jacobson, Jim Rumbaugh. [videorecording] },
author = { Booch, Grady and Rumbaugh, James and Jacobson, Ivar and Association for Computing Machinery and University Video Communications and Object-oriented Programming Systems, Languages, and Applications. Conference (11th : 1996 : San Jose, Calif.) and ACM Special Interest Group on Programming Languages },
publisher = { Stanford, Calif. : University Video Communications },
year = { 1996 },
type = { Video },
subjects = { UML (Computer science); Computer software -- Development; Object-oriented methods (Computer science); Object-oriented programming (Computer science) },
language = { English },
note = { Tutorial 37 presented by Grady Booch, Ivar Jacobson and Jim Rumbaugh },
catalogue-url = { http://trove.nla.gov.au/work/7376771 }
} 

@Misc{hovater:08,
title = { UML-requirements traceability using IBM Rational RequisitePro, IBM Rational Software Architect, and BIRT, Part 1: Reporting requirements},
author = { Hovater, Steven },
publisher = { IBM Rational Tech Rep},
year = { 2008 },
type = { PDF },
language = { English },
catalogue-url = { http://www.ibm.com/developerworks/rational/tutorials/dw-r-umltracebirt/dw-r-umltracebirt-pdf.pdf },
}  

@ARTICLE{5386785, 
author={desRivieres, J. and Wiegand, J.}, 
journal={IBM Systems Journal}, title={Eclipse: A platform for integrating development tools}, 
year={2004}, 
month={ }, 
volume={43}, 
number={2}, 
pages={371 -383}, 
doi={10.1147/sj.432.0371}, 
ISSN={0018-8670},}

@MISC{irpf:13,
  key={Imposto de Renda 2013},
  title = {Declaracao Imposto de Renda 2013 \- Como Declarar},
  howpublished = {http://impostoderenda2013.com/declaracao-imposto-de-renda-2013-como-declarar.html},
  month = {April},
  year = {2013}
}

@inproceedings{Cysneiros:2001:UUR:782096.782098,
 author = {Cysneiros, Luiz Marcio and do Prado Leite, Julio C{\'e}sar Sampaio},
 title = {Using UML to reflect non-functional requirements},
 booktitle = {Proceedings of the 2001 conference of the Centre for Advanced Studies on Collaborative research},
 series = {CASCON '01},
 year = {2001},
 location = {Toronto, Ontario, Canada},
 pages = {2--},
 url = {http://dl.acm.org/citation.cfm?id=782096.782098},
 acmid = {782098},
 publisher = {IBM Press},
} 

@INPROCEEDINGS{5970169, 
author={Ali, N. and Gueheneuc, Y. and Antoniol, G.}, 
booktitle={Program Comprehension (ICPC), 2011 IEEE 19th International Conference on}, 
title={Trust-Based Requirements Traceability}, 
year={2011}, 
pages={111-120}, 
keywords={information retrieval;security of data;IR-based traceability recovery approach;Trustrace approach;information retrieval approach;traceability link;trust-based requirements traceability;vector space model;Documentation;Electronic mail;Indexing;Probabilistic logic;Semantics;Software;Web sites;Traceability;experts;requirements;source code;trust-based model}, 
doi={10.1109/ICPC.2011.42}, 
ISSN={1092-8138},}

@INPROCEEDINGS{292398, 
author={Gotel, O. C Z and Finkelstein, A. C W}, 
booktitle={Requirements Engineering, 1994., Proceedings of the First International Conference on}, 
title={An analysis of the requirements traceability problem}, 
year={1994}, 
pages={94-101}, 
keywords={systems analysis;post-requirements specification traceability;pre-requirements specification traceability;requirements engineering practice;requirements traceability problem analysis;requirements traceability tools;Educational institutions;Guidelines;Project management;Research and development}, 
doi={10.1109/ICRE.1994.292398},}

@INPROCEEDINGS{5485417, 
author={Soonsongtanee, S. and Limpiyakorn, Y.}, 
booktitle={Computer Engineering and Technology (ICCET), 2010 2nd International Conference on}, 
title={Enhancement of requirements traceability with state diagrams}, 
year={2010}, 
volume={2}, 
pages={V2-248-V2-252}, 
keywords={formal specification;matrix algebra;software engineering;UML state diagrams;requirements traceability enhancement;requirements traceability matrix;Design engineering;Electric breakdown;Engineering management;Knowledge engineering;Maintenance engineering;Project management;Software engineering;Software tools;Testing;Unified modeling language;requirements management;requirements traceability;state diagram;traceability matrix}, 
doi={10.1109/ICCET.2010.5485417},}

@INPROCEEDINGS{6405269, 
author={Mader, P. and Egyed, A.}, 
booktitle={Software Maintenance (ICSM), 2012 28th IEEE International Conference on}, 
title={Assessing the effect of requirements traceability for software maintenance}, 
year={2012}, 
pages={171-180}, 
keywords={costing;software maintenance;software quality;downstream cost;initial cost benefit estimation;program comprehension;requirement traceability;software maintenance quality;third-party development projects;Analysis of variance;Conferences;Java;Maintenance engineering;Materials;Software maintenance;empirical software engineering;experiment;requirements traceability;software maintenance;traceability effect}, 
doi={10.1109/ICSM.2012.6405269}, 
ISSN={1063-6773},}

@INPROCEEDINGS{4597213, 
author={Assawamekin, N. and Sunetnanta, T. and Pluempitiwiriyawej, C.}, 
booktitle={Semantic Computing, 2008 IEEE International Conference on}, 
title={Resolving Multiperspective Requirements Traceability through Ontology Integration}, 
year={2008}, 
pages={362-369}, 
keywords={knowledge management;ontologies (artificial intelligence);open systems;software engineering;knowledge management;multiperspective requirements traceability;ontology integration;ontology matching;requirements ontology;software development process;Business;Collaboration;Computer science;Hospitals;Information systems;Knowledge management;Ontologies;Programming;Terminology;Vocabulary;Interoperability;Multiperspective software development;Ontology;Requirements traceability}, 
doi={10.1109/ICSC.2008.13},}

@INPROCEEDINGS{5591022, 
author={Assawamekin, N.}, 
booktitle={Computer and Information Science (ICIS), 2010 IEEE/ACIS 9th International Conference on}, 
title={An Ontology-Based Approach for Multiperspective Requirements Traceability between Analysis Models}, 
year={2010}, 
pages={673-678}, 
keywords={formal verification;knowledge management;merging;ontologies (artificial intelligence);open systems;program diagnostics;analysis model;heterogeneity problem;interoperability;knowledge management mechanism;multiperspective requirements traceability;multiperspective software artifacts traceability;ontology based approach;software development process;Analytical models;Erbium;Intellectual property;Medical services;Ontologies;Semantics;Software;Analysis model;Knowledge management;Multiperspective software development;Ontology;Requirements traceability}, 
doi={10.1109/ICIS.2010.43},}

@INPROCEEDINGS{5223183, 
author={Assawamekin, N. and Sunetnanta, T. and Pluempitiwiriyawej, C.}, 
booktitle={Computer and Information Science, 2009. ICIS 2009. Eighth IEEE/ACIS International Conference on}, 
title={MUPRET: An Ontology-Driven Traceability Tool for Multiperspective Requirements Artifacts}, 
year={2009}, 
pages={943-948}, 
keywords={formal specification;ontologies (artificial intelligence);software tools;systems analysis;MUPRET tool;multiperspective requirements artifact;ontologies;stakeholder;taxonomy;traceability link generation;traceability tool;Business;Computer architecture;Computer science;Information science;Merging;Ontologies;Programming;Software tools;Terminology;Vocabulary;Interoperability;Knowledge management;Multiperspective software development;Ontology;Requirements traceability}, 
doi={10.1109/ICIS.2009.55},}

@INPROCEEDINGS{5599835, 
author={Moulin, C. and Sbodio, M.L.}, 
booktitle={Cognitive Informatics (ICCI), 2010 9th IEEE International Conference on}, 
title={Improving the accessibility and efficiency of e-Government processes}, 
year={2010}, 
pages={603-610}, 
keywords={Internet;government data processing;middleware;ontologies (artificial intelligence);public administration;SPARQL;Web application;ambient intelligence;e-government process;e-government services;eligibility criteria;middleware;online collaborative workflow;Electronic government;Ontologies;Resource description framework;Semantics;Web services;Ontology;Semantic Web Service;Symbiotic Computing;e-Government}, 
doi={10.1109/COGINF.2010.5599835},}

@INPROCEEDINGS{6511842, 
author={Martins, J.C.C. and Machado, R.J.}, 
booktitle={Quality of Information and Communications Technology (QUATIC), 2012 Eighth International Conference on the}, 
title={Ontologies for Product and Process Traceability at Manufacturing Organizations: A Software Requirements Approach}, 
year={2012}, 
pages={353-358}, 
keywords={formal specification;manufacturing data processing;ontologies (artificial intelligence);equipment manufacturers;manufacturing organizations;ontologies;process traceability;product traceability;requirements modeling technique;software requirements approach;traceability business process;computer science related discipline: information management;management related discipline: information systems;software requirements}, 
doi={10.1109/QUATIC.2012.45},}

@INPROCEEDINGS{4148940, 
author={Noll, R.P. and Ribeiro, M.B.}, 
booktitle={Engineering of Computer-Based Systems, 2007. ECBS '07. 14th Annual IEEE International Conference and Workshops on the}, 
title={Ontological Traceability over the Unified Process}, 
year={2007}, 
pages={249-255}, 
keywords={Unified Modeling Language;formal specification;ontologies (artificial intelligence);UML modeler;concept-based traceability;ontological traceability;requirements traceability;software lifecycle;software system;unified process;Joining processes;Logic;OWL;Ontologies;Programming;Proposals;Software systems;Systems engineering and theory;Taxonomy;Unified modeling language}, 
doi={10.1109/ECBS.2007.58},}

@INPROCEEDINGS{5362244, 
author={Ying guo and Meihong Yang and Jun Wang and Ping Yang and Feng Li}, 
booktitle={Knowledge Acquisition and Modeling, 2009. KAM '09. Second International Symposium on}, 
title={An Ontology Based Improved Software Requirement Traceability Matrix}, 
year={2009}, 
volume={1}, 
pages={160-163}, 
keywords={formal specification;formal verification;ontologies (artificial intelligence);program diagnostics;software development management;systems analysis;banking business system;functional requirements;lateral traceability;ontology;ontology queries;requirement traceability matrix;software products;software projects;source code;static requirement tracing method;vertical traceability;Banking;Computer science;Information technology;Knowledge acquisition;Knowledge engineering;Ontologies;Product design;Software design;Software quality;Software testing;lateral traceability;requirement engineering;requirement traceability matrix(RTM);vertical traceability}, 
doi={10.1109/KAM.2009.63},}

@article{Bonacin:2010:AIE:1746356.1746361,
 author = {Bonacin, Rodrigo and Melo, Amanda M. and Simoni, Carlos A. C. and Baranauskas, M. Cec\&\#x00ed;lia C.},
 title = {Accessibility and interoperability in e-government systems: outlining an inclusive development process},
 journal = {Univers. Access Inf. Soc.},
 issue_date = {March 2010},
 volume = {9},
 number = {1},
 month = mar,
 year = {2010},
 issn = {1615-5289},
 pages = {17--33},
 numpages = {17},
 url = {http://dx.doi.org/10.1007/s10209-009-0157-0},
 doi = {10.1007/s10209-009-0157-0},
 acmid = {1746361},
 publisher = {Springer-Verlag},
 address = {Berlin, Heidelberg},
 keywords = {Accessibility, Interoperability, Organizational semiotics, Participatory design, Process model},
}

@INPROCEEDINGS{bonacin:06, 
author={R. Bonacin and C. A. C. Simoni and Amanda Meincke Melo and M. C. C. Baranauskas}, 
booktitle={International Conference on Organisational Semiotics (ICOS)}, 
title={Organisational Semiotics: Guiding a Service-Oriented Architecture for e-Government}, 
year={2006}, 
pages={47-58},} 

@INPROCEEDINGS{lobato:13, 
author={Luanna Lopes Lobato and Ivan do Carmo Machado and Paulo Anselmo da Mota Silveira Neto and Thiago 
Jabur Bittar and Eduardo Santana de Almeida and S�lvio Romero de Lemos Meira}, 
booktitle={12� Simp�sio Brasileiro de Qualidade de Software (SBQS)}, 
title={Risk Management in Software Product Lines: An Expert Opinion Survey}, 
year={2013}}

@INPROCEEDINGS{bittar:13, 
author={Thiago Jabur Bittar and Luanna Lopes Lobato and Renata Pontin de Mattos Fortes}, 
booktitle={12� Simp�sio Brasileiro de Qualidade de Software (SBQS)}, 
title={Accessibility approach to Web applications development: An Experimental Study}, 
year={2013}}

@book{2001:SPL:501065,
 title = {Software product lines: practices and patterns},
 year = {2001},
 isbn = {0-201-70332-7},
 publisher = {Addison-Wesley Longman Publishing Co., Inc.},
 address = {Boston, MA, USA},
key = {{$\!\!$}} ,
}  

@phdthesis{freire:12,
Author = {André Pimenta Freire},
Title = {Disabled people and the Web: User-based measurement of accessibility},
School = {University of York},
Year = {2012},
Type = {{PhD} in {C}omputer {S}cience},
}

@MISC{curiosity:13,
  author = {Nasa},
  title = {Data Rates/Returns},
  howpublished = {http://mars.nasa.gov/msl/mission/communicationwithearth/data/},
  month = {August},
  year = {2013}
}

@MISC{owlapi:13,
  author = {SouceForge.net},
  title = {The OWL API},
  howpublished = {http://owlapi.sourceforge.net/},
  month = {September},
  year = {2013}
}
